<?xml version="1.0" encoding="UTF-8"?><collection xmlns="http://www.loc.gov/MARC21/slim"><record><leader>00548nam--2200193-u-4500</leader><controlfield tag="001">000056469</controlfield><controlfield tag="002">20161230</controlfield><controlfield tag="005">20170107173245</controlfield><controlfield tag="008">151023s1000------------r-----000-0-rus-d</controlfield><datafield ind1=" " ind2=" " tag="040"><subfield code="a">IFIN-HH</subfield></datafield><datafield ind1=" " ind2=" " tag="041"><subfield code="a">rus</subfield></datafield><datafield ind1=" " ind2=" " tag="080"><subfield code="a">530(061.3)</subfield></datafield><datafield ind1="1" ind2=" " tag="110"><subfield code="a">Akademia Nauk SSSR</subfield></datafield><datafield ind1="1" ind2="0" tag="245"><subfield code="a">Sovremennie problemi matematiceskoi fiziki trudi vsesoiuznogo sympoziuma, Tbilisi, 22-25 aprelia 1987</subfield></datafield><datafield ind1=" " ind2=" " tag="260"><subfield code="a">Tbilisi</subfield><subfield code="b">Tbilisskogo Universiteta</subfield><subfield code="c">1987</subfield></datafield><datafield ind1=" " ind2=" " tag="300"><subfield code="a">2 vol</subfield></datafield><datafield ind1="1" ind2=" " tag="787"><subfield code="a">Tom II</subfield><subfield code="h">406 p</subfield></datafield><datafield ind1=" " ind2=" " tag="852"><subfield code="a">79031</subfield><subfield code="c">53.02</subfield></datafield><datafield ind1=" " ind2=" " tag="CAT"><subfield code="a">SYS</subfield><subfield code="c">20170107</subfield><subfield code="h">173245</subfield></datafield></record></collection>